<?xml version="1.0" encoding="UTF-8"?><collection xmlns="http://www.loc.gov/MARC21/slim"><record><leader>00379nam--2200157-i-4500</leader><controlfield tag="001">000032000</controlfield><controlfield tag="002">20161230</controlfield><controlfield tag="005">20161230201038</controlfield><controlfield tag="008">060222s1000------------r-----000-0-eng-d</controlfield><datafield ind1=" " ind2=" " tag="040"><subfield code="a">IFIN-HH</subfield></datafield><datafield ind1="1" ind2=" " tag="100"><subfield code="a">Merrington ,  A.C</subfield></datafield><datafield ind1="1" ind2="0" tag="245"><subfield code="a">Viscometry</subfield><subfield code="c">A.c. merrington</subfield></datafield><datafield ind1=" " ind2=" " tag="260"><subfield code="a">London, Arnold, 1949</subfield></datafield><datafield ind1=" " ind2=" " tag="300"><subfield code="a">VIII + 142P</subfield></datafield><datafield ind1=" " ind2=" " tag="852"><subfield code="a">670</subfield><subfield code="c">532</subfield></datafield><datafield ind1=" " ind2=" " tag="CAT"><subfield code="a">Sys</subfield><subfield code="c">20100712</subfield><subfield code="h">085418</subfield></datafield></record></collection>